@book{burton1978thinking,
  title = {Thinking in Perspective: Critical Essays in the Study of Thought Processes},
  author = {Burton, A. and Radford, J.},
  isbn = {9780416858402},
  lccn = {79309885},
  series = {Psychology in progress},
  url = {https://books.google.cl/books?id=CSgOAAAAQAAJ},
  year = {1978},
  publisher = {Methuen}
}
@book{warren2013electronic,
  title = {Electronic Spatial Sensing for the Blind: Contributions from Perception, Rehabilitation, and Computer Vision},
  author = {Warren, D.H. and Strelow, E.R.},
  isbn = {9789024732388},
  lccn = {lc85021453},
  series = {Nato Science Series E:},
  url = {https://books.google.cl/books?id=-I\_Hazgqx8QC},
  year = {1985},
  publisher = {Springer Netherlands}
}
@article{cayre2002common,
  title = {The common properties of neurogenesis in the adult brain: from invertebrates to vertebrates},
  author = {Cayre, Myriam and Malaterre, Jordane and Scotto-Lomassese, Sophie and Strambi, Colette and Strambi, Alain},
  journal = {Comparative Biochemistry and Physiology Part B: Biochemistry and Molecular Biology},
  volume = {132},
  number = {1},
  pages = {1--15},
  year = {2002},
  publisher = {Elsevier}
}
@misc{neuralNet,
  author = {Michael Nielsen},
  title = {Using neural nets to recognize handwritten digits},
  year = {2017},
  url = {http://neuralnetworksanddeeplearning.com/chap1.html},
  urldate = {2017-06-02}
}
@book{horn1986robot,
  title = {Robot vision},
  author = {Horn, Berthold},
  pages = {279},
  year = {1986},
  publisher = {MIT press}
}
@misc{OpenCV,
  author = {},
  title = {OpenCV: Optical Flow},
  year = {2017},
  url = {http://docs.opencv.org/trunk/d7/d8b/tutorial_py_lucas_kanade.html},
  urldate = {2017-06-06}
}
@misc{ImagePyramid,
  author = {Sanja Filder},
  title = {Image Pyramid},
  year = {},
  url = {http://www.cs.toronto.edu/~fidler/slides/2015/CSC420/lecture5.pdf},
  urldate = {2017-06-06}
}
@book{bradski2008learning,
  title = {Learning OpenCV: Computer vision with the OpenCV library},
  author = {Bradski, Gary and Kaehler, Adrian},
  year = {2008},
  publisher = {" O'Reilly Media, Inc."}
}
@Book{ballard1982computer,
  author = {Ballard, Dana},
  title = {Computer vision},
  publisher = {Prentice-Hall},
  year = {1982},
  address = {Englewood Cliffs, N.J},
  isbn = {0131653164}
}
@Book{vandoni1996proceedings,
  author = {Vandoni, C. E.},
  title = {Proceedings : 1996 CERN School of Computing : Egmond aan Zee, the Netherlands, 8 September-21 September 1996},
  publisher = {CERN},
  year = {1996},
  address = {Geneva},
  isbn = {9789290830955}
}
@Book{sonka2008image,
  author = {Sonka, Milan},
  title = {Image processing, analysis, and machine vision},
  publisher = {Thompson Learning},
  year = {2008},
  address = {Toronto},
  isbn = {049508252X}
}
@Book{klette2014concise,
  author = {Klette, Reinhard},
  title = {Concise computer vision : an introduction into theory and algorithms},
  publisher = {Springer},
  year = {2014},
  address = {London},
  isbn = {9781447163206}
}
@Book{shapiro2001computer,
  author = {Shapiro, Linda},
  title = {Computer vision},
  publisher = {Prentice Hall},
  year = {2001},
  address = {Upper Saddle River, NJ},
  isbn = {0130307963}
}
@Book{morris2004computer,
  author = {Morris, Tim},
  title = {Computer vision and image processing},
  publisher = {Palgrave Macmillan},
  year = {2004},
  address = {Basingstoke},
  isbn = {0333994515}
}
@Book{forsyth2003computer,
  author = {Forsyth, David},
  title = {Computer vision : a modern approach},
  publisher = {Prentice Hall},
  year = {2003},
  address = {Upper Saddle River, N.J. London},
  isbn = {0130851981}
}
@article{jayakody2015omnirobot,
  title = {Design and development of an omni-directional wheeled mobile robot},
  author = {Jayakody, Munagamage, Munasinghe, Muhandiram, Premarathna and Rajakaruna},
  journal = {International Research Symposium on Engineering Advancements 2015 (RSEA 2015)},
  year = {2015},
}
@misc{icao2011UAS,
  author = {International Civil Aviation Organization},
  title = {Unmanned Aircraft Systems (UAS)},
  year = {2011},
  url = {https://www.icao.int/Meetings/UAS/Documents/Circular%20328_en.pdf},
  urldate = {2017-06-14}
}
@misc{AllenQuadcopters,
	author = {Clay Allen},
	title = {Quadcopters},
	year = {2014},
	url = {http://ffden-2.phys.uaf.edu/webproj/212_spring_2014/Clay_Allen/clay_allen/works.html},
	urldate = {2017-06-14}
}
@Book{siskind1963electrical,
  author = {Siskind, Charles},
  title = {Electrical control systems in industry},
  publisher = {McGraw-Hill},
  year = {1963},
  address = {New York},
  isbn = {0070577463}
}
@Book{williams2002microcontroller,
  author = {Williams, Al},
  title = {Microcontroller projects using the Basic Stamp},
  publisher = {CMP Books},
  year = {2002},
  address = {Lawrence, Kan},
  isbn = {9781578201013}
}
@misc{ps2protocol,
  author = {Adam Chapweske},
  title = {The PS/2 Mouse/Keyboard Protocol},
  year = {2003},
  url = {http://www.computer-engineering.org/ps2protocol/},
  urldate = {2017-06-20}
}
@misc{ps2mouse,
  author = {Adam Chapweske},
  title = {PS/2 Mouse Interfacing},
  year = {2003},
  url = {http://www.computer-engineering.org/ps2mouse/},
  urldate = {2017-06-20}
}
@Book{barrett2006microcontrollers,
  author = {Barrett, Steven},
  title = {Microcontrollers fundamentals for engineers and scientists},
  publisher = {Morgan \& Claypool Publishers},
  year = {2006},
  address = {San Rafael, Calif},
  isbn = {1598290584}
}
@misc{referenceAnalogWrite,
  author = {Arduino},
  title = {Arduino Reference analogWrite},
  year = {2017},
  url = {https://www.arduino.cc/en/Reference/AnalogWrite},
  urldate = {2017-06-23}
}
@omisc{NeuralNetworksAndDeepLearning,
  author = {Michael Nielsen},
  title = {Neural networks and deep learning},
  year = {2017},
  url = {http://neuralnetworksanddeeplearning.com/},
  urldate = {2017-06-25}
}
@misc{james2014introduction,
  title = {An Introduction to Statistical Learning: With Applications in R.},
  author = {James, Gareth and Witten, Daniela and Hastie, Trevor},
  publisher = {Springer Science+Business Media},
  address = {New York},
  year = {2014},
  isbn = {9781461471387}
}
@article{pomerleau1989alvinn,
  title = {Alvinn: An autonomous land vehicle in a neural network},
  author = {Pomerleau, Dean A},
  booktitle = {Advances in neural information processing systems},
  pages = {305--313},
  year = {1989}
}
@manual{atemel:atemega328,
  organization = "Atemel Corporation",
  title = "ATmega48A/PA/88A/PA/168A/PA/328/P",
  number = "8271J",
  year = 2015,
  month = 11,    
}
@online{arduino:introduction,
  author = {Arduino},
  title = {What is Arduino?},
  year = 2017,
  url = {https://www.arduino.cc/en/Guide/Introduction},
  urldate = {2017-07-10}
}
@manual{st:l298,
  organization = "STMicroelectronics",
  title = "L298",
  number = "",
  year = 2000
}