@book{burton1978thinking,
  title = {Thinking in Perspective: Critical Essays in the Study of Thought Processes},
  author = {Burton, A. and Radford, J.},
  isbn = {9780416858402},
  lccn = {79309885},
  series = {Psychology in progress},
  url = {https://books.google.cl/books?id=CSgOAAAAQAAJ},
  year = {1978},
  publisher = {Methuen}
}
@book{warren2013electronic,
  title = {Electronic Spatial Sensing for the Blind: Contributions from Perception, Rehabilitation, and Computer Vision},
  author = {Warren, D.H. and Strelow, E.R.},
  isbn = {9789024732388},
  lccn = {lc85021453},
  series = {Nato Science Series E:},
  url = {https://books.google.cl/books?id=-I\_Hazgqx8QC},
  year = {1985},
  publisher = {Springer Netherlands}
}
@article{cayre2002common,
  title = {The common properties of neurogenesis in the adult brain: from invertebrates to vertebrates},
  author = {Cayre, Myriam and Malaterre, Jordane and Scotto-Lomassese, Sophie and Strambi, Colette and Strambi, Alain},
  journal = {Comparative Biochemistry and Physiology Part B: Biochemistry and Molecular Biology},
  volume = {132},
  number = {1},
  pages = {1--15},
  year = {2002},
  publisher = {Elsevier}
}
@misc{neuralNet,
  author = {Michael Nielsen},
  title = {Using neural nets to recognize handwritten digits},
  year = {2017},
  url = {http://neuralnetworksanddeeplearning.com/chap1.html},
  urldate = {2017-06-02}
}
@book{horn1986robot,
  title = {Robot vision},
  author = {Horn, Berthold},
  pages = {279},
  year = {1986},
  publisher = {MIT press}
}
@misc{OpenCV,
  author = {},
  title = {OpenCV: Optical Flow},
  year = {2017},
  url = {http://docs.opencv.org/trunk/d7/d8b/tutorial_py_lucas_kanade.html},
  urldate = {2017-06-06}
}
@misc{ImagePyramid,
  author = {Sanja Filder},
  title = {Image Pyramid},
  year = {},
  url = {http://www.cs.toronto.edu/~fidler/slides/2015/CSC420/lecture5.pdf},
  urldate = {2017-06-06}
}
@book{bradski2008learning,
   title = {Learning OpenCV: Computer vision with the OpenCV library},
   author = {Bradski, Gary and Kaehler, Adrian},
   year = {2008},
   publisher = {" O'Reilly Media, Inc."}
}
@Book{ballard1982computer,
  author = {Ballard, Dana},
  title = {Computer vision},
  publisher = {Prentice-Hall},
  year = {1982},
  address = {Englewood Cliffs, N.J},
  isbn = {0131653164}
}
@Book{vandoni1996proceedings,
  author = {Vandoni, C. E.},
  title = {Proceedings : 1996 CERN School of Computing : Egmond aan Zee, the Netherlands, 8 September-21 September 1996},
  publisher = {CERN},
  year = {1996},
  address = {Geneva},
  isbn = {9789290830955}
}
@Book{sonka2008image,
  author = {Sonka, Milan},
  title = {Image processing, analysis, and machine vision},
  publisher = {Thompson Learning},
  year = {2008},
  address = {Toronto},
  isbn = {049508252X}
}
@Book{klette2014concise,
  author = {Klette, Reinhard},
  title = {Concise computer vision : an introduction into theory and algorithms},
  publisher = {Springer},
  year = {2014},
  address = {London},
  isbn = {9781447163206}
}
@Book{shapiro2001computer,
  author = {Shapiro, Linda},
  title = {Computer vision},
  publisher = {Prentice Hall},
  year = {2001},
  address = {Upper Saddle River, NJ},
  isbn = {0130307963}
}
@Book{morris2004computer,
  author = {Morris, Tim},
  title = {Computer vision and image processing},
  publisher = {Palgrave Macmillan},
  year = {2004},
  address = {Basingstoke},
  isbn = {0333994515}
}
@Book{forsyth2003computer,
  author = {Forsyth, David},
  title = {Computer vision : a modern approach},
  publisher = {Prentice Hall},
  year = {2003},
  address = {Upper Saddle River, N.J. London},
  isbn = {0130851981}
}